@article{styles_archi,
    title = {Architectural Patterns and Styles},
    journal = {MSDN : Microsoft Developer Network},
    url = {https://msdn.microsoft.com/en-us/library/ee658117.aspx}
}
@article{cnova,
    title = {La filiale de Casino, Cnova (Cdiscount), a fait une entrée décevante à Wall Street},
    journal = {capital},
    url = {http://www.capital.fr/bourse/actualites/la-filiale-de-casino-cnova-cdiscount-a-fait-une-entree-decevante-a-wall-street-993220},
    year = {2014}
}
@article{break_web,
    title = {Why we Need WebAssembly, An Interview with Brendan Eich},
    url = {https://medium.com/javascript-scene/why-we-need-webassembly-an-interview-with-brendan-eich-7fb2a60b0723},
    year = {2015}
}
@article{julien,
    title = {De l'application monolithique aux architectures microservices},
    url = {http://juliendubreuil.fr/blog/developpement/de-application-monolithique-aux-architectures-microservices-ou-orientees-composants/},
    year = {2014}
}
@article{martin_fowler,
    title = {Microservices},
    url = {http://martinfowler.com/articles/microservices.html},
    year = {2014}
}
@article{microservices_prez,
    title = {MicroServices, yet another architectural style?},
    url = {http://fr.slideshare.net/aca_it/micro-services-40695502},
    year = {2014}
}
@article{monolith,
    title = {Pattern: Monolithic Architecture},
    url = {http://microservices.io/patterns/monolithic.html},
    year = {2014}
}
@article{google,
    title = {Desktop Search Engine Market Share},
    url = {https://www.netmarketshare.com/search-engine-market-share.aspx?qprid=4&qpcustomd=0},
    year = {2015}
}
@article{angular,
    title = {AngularJS : le framework JavaScript de Google au crible},
    url = {http://www.journaldunet.com/developpeur/outils/angular-js.shtml},
    year = {2015}
}
@article{javascript,
    title = {Why Java Developers Hate JavaScript},
    year = {2011},
    url = {https://dzone.com/articles/why-java-developers-hate}
}
@article{eric_microservices,
    title={Conference: DDD and Microservices: At last, some boundaries!},
    url = {https://skillsmatter.com/skillscasts/6259-ddd-and-microservices-at-last-some-bounderies},
    year = {2015}
}
@book{introduction_software,
    title = {An Introduction to software architecture},
    author={David Garlan and Mary Shaw},
    year = {1994}
}
@book{eric_evans,
    title = {Domain-Driven Design: Tackling Complexity in the Heart of Software},
    author = {Eric Evans}
}
@book{suceeding_with_agile,
    title = {Succeeding with Agile: Software Development Using Scrum},
    author = {Mike Cohn}
}
@book{tdd,
    title = {Test Driven Development: By Example},
    author = {Kent Beck}
}
#@article{Amazon_baisse_prix_42,
    title = {AWS Price Reduction 42},
    journal = {AWS Official Blog},
    year = {2014},
    month = mar,
    url = {https://aws.amazon.com/blogs/aws/aws-price-reduction-42-ec2-s3-rds-elasticache-and-elastic-mapreduce/}
}
#@book{elasticsearch,
    title = {Elasticsearch: The Definitive Guide},
    year = {2014},
    url = {https://www.elastic.co/guide/en/elasticsearch/guide/current/index.html}
}
#@misc{aws_zones,
    title = {AWS: Infrastructure mondiale},
    url = {https://aws.amazon.com/fr/about-aws/global-infrastructure/}
}
